@misc{1704.04290,
Author = {Songhu Wang and Dong-Hong Wu and Thomas Barclay and Gregory P. Laughlin},
Title = {Updated Masses for the TRAPPIST-1 Planets},
Year = {2017},
Eprint = {arXiv:1704.04290},
}

@article{Sam1510.02476,
Author = {Sam Hadden and Yoram Lithwick},
Title = {Numerical and Analytical Modelling of Transit Time Variations},
Year = {2015},
Eprint = {arXiv:1510.02476},
Doi = {10.3847/0004-637X/828/1/44},
}

@article{Sam1611.03516,
Author = {Sam Hadden and Yoram Lithwick},
Title = {Kepler Planet Masses and Eccentricities from TTV Analysis},
Year = {2016},
Eprint = {arXiv:1611.03516},
Doi = {10.3847/1538-3881/aa71ef},
}
